<?xml version="1.0" encoding="UTF-8"?><collection xmlns="http://www.loc.gov/MARC21/slim"><record><leader>00548nam--2200181-i-4500</leader><controlfield tag="001">000019587</controlfield><controlfield tag="002">20161230</controlfield><controlfield tag="005">20161230201033</controlfield><controlfield tag="008">060222s1000------------r-----000-0-eng-d</controlfield><datafield ind1=" " ind2=" " tag="040"><subfield code="a">IFIN-HH</subfield></datafield><datafield ind1=" " ind2=" " tag="080"><subfield code="a">539.2(048.6:042.3)</subfield></datafield><datafield ind1="1" ind2=" " tag="110"><subfield code="a">European Physical Society</subfield></datafield><datafield ind1="1" ind2="0" tag="245"><subfield code="a">Electronic properties of solids under high pressure leuven(belgium), 1-5 september 1975</subfield></datafield><datafield ind1=" " ind2=" " tag="260"><subfield code="a">Leuven</subfield><subfield code="b">European Physical Society</subfield><subfield code="c">1975</subfield></datafield><datafield ind1=" " ind2=" " tag="300"><subfield code="a">112 P</subfield></datafield><datafield ind1=" " ind2=" " tag="490"><subfield code="a">Europhysics Conference Abstracts</subfield></datafield><datafield ind1=" " ind2=" " tag="852"><subfield code="a">43888</subfield><subfield code="c">539.2</subfield></datafield><datafield ind1=" " ind2=" " tag="CAT"><subfield code="a">Sys</subfield><subfield code="c">20121025</subfield><subfield code="h">135907</subfield></datafield></record></collection>